@book{womak:graphql-book,
    author = {Eve Porcello, Alex Banks},
    title = {Learning GraphQL},
    publisher = {O'Reilly},
    year = {2018}
}
@online{site:spring-doc,
    title   = {Documentazione Spring},
    url     = {https://docs.spring.io/spring-framework/docs/current/reference/html/}
}
@online{site:angular-doc,
    title   = {Documentazione Angular},
    url     = {https://angular.io/docs}
}
@online{site:graphql-doc,
    title   = {Documentazione GraphQL},
    url     = {https://graphql.org/learn/}
}
@online{site:junit-doc,
    title   = {Documentazione JUnit 5},
    url     = {https://junit.org/junit5/docs/current/user-guide/}
}
@online{site:jasmine-doc,
    title   = {Documentazione Jasmine},
    url     = {https://jasmine.github.io/}
}
